@BOOK{Ahlfors1979,
  ADDRESS = {New York},
   AUTHOR = {L. Ahlfors},
  EDITION = {3},
PUBLISHER = {McGraw-Hill},
    TITLE = {Complex Analysis},
     YEAR = {1979}
}

@ARTICLE{Ancona1978,
   AUTHOR = {A. Ancona},
  JOURNAL = {Ann. Inst. Fourier, Grenoble},
    PAGES = {169--213},
    TITLE = {Principe de {H}arnack \`a la fronti\`ere et th\'eor\`eme de {F}atou pour un op\'erateur elliptique dans un domaine lipschitzien},
   VOLUME = {28},
     YEAR = {1978}
}

@ARTICLE{Ancona1987,
   AUTHOR = {A. Ancona},
  JOURNAL = {Ann. Math.},
    PAGES = {495--535},
    TITLE = {Negatively curved manifolds, elliptic operators, and the {M}artin boundary},
   VOLUME = {125},
     YEAR = {1987}
}

@ARTICLE{Banuelos1986a,
   AUTHOR = {R. Ba\~nuelos},
  JOURNAL = {Trans. Amer. Math. Soc.},
    PAGES = {547--563},
    TITLE = {Martingale transforms and related singular integrals},
SORTTITLE = {a},
   VOLUME = {293},
     YEAR = {1986}
}

@ARTICLE{Banuelos1986b,
   AUTHOR = {R. Ba\~nuelos},
  JOURNAL = {Indiana Univ. Math. J.},
    PAGES = {643--668},
    TITLE = {Brownian motion and area functions},
SORTTITLE = {b},
   VOLUME = {35},
     YEAR = {1986}
}

@ARTICLE{Banuelos1988,
   AUTHOR = {R. Ba\~nuelos},
  JOURNAL = {Michigan Math. J.},
    PAGES = {117--125},
    TITLE = {A sharp good-$\lambda$ inequality with an application to {R}iesz transforms},
   VOLUME = {35},
     YEAR = {1988}
}

@ARTICLE{Banuelos1991,
   AUTHOR = {R. Ba\~nuelos},
  JOURNAL = {J. Functional Anal.},
    PAGES = {181--206},
    TITLE = {Intrinsic ultracontractivity and eigenvalue estimates for {S}chr\"odinger operators},
   VOLUME = {100},
     YEAR = {1991}
}

@INCOLLECTION{Banuelos1992,
  ADDRESS = {New York},
   AUTHOR = {R. Ba\~nuelos},
BOOKTITLE = {Partial Differential Equations with Minimal Smoothness and Applications},
    PAGES = {37--48},
PUBLISHER = {Springer},
    TITLE = {Lifetime and heat kernel estimates in non-smooth domains},
     YEAR = {1992}
}

@ARTICLE{BanuelosBassyBurdzy1991,
   AUTHOR = {R. Ba\~nuelos and R.F. Bass and K. Burdzy},
  JOURNAL = {Duke Math. J.},
    PAGES = {195--200},
    TITLE = {H\"older domains and the boundary {H}arnack principle},
   VOLUME = {64},
     YEAR = {1991}
}

@ARTICLE{BanuelosBrossard1993,
   AUTHOR = {R. Ba\~nuelos and J. Brossard},
  JOURNAL = {Ark. Mat.},
    PAGES = {175--196},
    TITLE = {The area integral and its density for {BMO} and {VMO} functions},
   VOLUME = {31},
     YEAR = {1993}
}

@ARTICLE{BanuelosDavis1989,
   AUTHOR = {R. Ba\~nuelos and B. Davis},
  JOURNAL = {J. Functional Anal.},
    PAGES = {188--200},
    TITLE = {Heat kernel, eigenfunctions, and conditioned {B}rownian motion in planar domains},
   VOLUME = {84},
     YEAR = {1989}
}

@ARTICLE{BanuelosDavis1992,
   AUTHOR = {R. Ba\~nuelos and B. Davis},
  JOURNAL = {Indiana Math. J.},
    PAGES = {885--913},
    TITLE = {A geometrical characterization of intrinsic ultracontractivity for planar domains with boundaries given by the graphs of functions},
   VOLUME = {41},
     YEAR = {1992}
}

@ARTICLE{BanuelosKlemesMoore1988,
   AUTHOR = {R. Ba\~nuelos and I. Kleme\v{s} and C.N. Moore},
  JOURNAL = {Duke Math J.},
    PAGES = {37--68},
    TITLE = {An analogue for harmonic functions of {K}olmogorov's law of the iterated logarithm},
   VOLUME = {57},
     YEAR = {1988}
}

@ARTICLE{BanuelosKlemesMoore1990,
   AUTHOR = {R. Ba\~nuelos and I. Kleme\v{s} and C.N. Moore},
  JOURNAL = {Duke Math. J.},
    PAGES = {689--715},
    TITLE = {Lower bounds in the law of the iterated logarithm for harmonic functions},
   VOLUME = {60},
     YEAR = {1990}
}

@INCOLLECTION{BanuelosMoore1989a,
  ADDRESS = {Cambridge},
   AUTHOR = {R. Ba\~nuelos and C.N. Moore},
BOOKTITLE = {Analysis in Urbana},
    PAGES = {47--80},
PUBLISHER = {Cambridge Univ. Press},
    TITLE = {Some results in analysis related to the law of the iterated logarithm},
SORTTITLE = {a},
   VOLUME = {1},
     YEAR = {1989}
}

@ARTICLE{BanuelosMoore1989b,
   AUTHOR = {R. Ba\~nuelos and C.N. Moore},
  JOURNAL = {Indiana Math. J.},
    PAGES = {315--344},
    TITLE = {Laws of the iterated logarithm, sharp good-$\lambda$ inequalities and {$L^p$} estimates for caloric and harmonic functions},
SORTTITLE = {b},
   VOLUME = {38},
     YEAR = {1989}
}

@ARTICLE{BanuelosMoore1989c,
   AUTHOR = {R. Ba\~nuelos and C.N. Moore},
  JOURNAL = {Trans. Amer. Math. Soc.},
    PAGES = {641--662},
    TITLE = {Sharp estimates for the nontangential maximal function and the {L}usin area function in {L}ipschitz domains},
SORTTITLE = {c},
   VOLUME = {312},
     YEAR = {1989}
}

@ARTICLE{BanuelosMoore1991,
   AUTHOR = {R. Ba\~nuelos and C.N. Moore},
  JOURNAL = {Ann. Inst. Fourier, Grenoble},
    PAGES = {137--171},
    TITLE = {Distribution function inequalities for the density of the area integral},
   VOLUME = {41},
     YEAR = {1991}
}

@ARTICLE{BarlowYor1981,
   AUTHOR = {M.T. Barlow and M. Yor},
  JOURNAL = {Zeit. f. Wahrsch.},
    PAGES = {237--254},
    TITLE = {(Semi){M}artingale inequalities and local times},
   VOLUME = {55},
     YEAR = {1981}
}

@INCOLLECTION{Bass1990,
  ADDRESS = {New York},
   AUTHOR = {R.F. Bass},
BOOKTITLE = {S\'eminaire de Probabilit\'es XXIV},
    PAGES = {15--40},
PUBLISHER = {Springer},
    TITLE = {A probabilistic approach to the boundedness of singular integral operators},
     YEAR = {1990}
}

@UNPUBLISHED{Bass1994,
   AUTHOR = {R.F. Bass},
     NOTE = {Preprint},
    TITLE = {The {D}oob-{M}eyer decomposition revisited},
     YEAR = {1994}
}

@INCOLLECTION{BassBurdzy1990,
  ADDRESS = {Boston},
   AUTHOR = {R.F. Bass and K. Burdzy},
BOOKTITLE = {Seminar on Stochastic Processes, 1989},
    PAGES = {1--16},
PUBLISHER = {Birkh\"auser},
    TITLE = {A probabilistic proof of the boundary {H}arnack principle},
     YEAR = {1990}
}

@ARTICLE{BassBurdzy1991,
   AUTHOR = {R.F. Bass and K. Burdzy},
  JOURNAL = {Ann. Math.},
    PAGES = {253--276},
    TITLE = {A boundary {H}arnack principle for twisted {H}\"older domains},
   VOLUME = {134},
     YEAR = {1991}
}

@ARTICLE{BassBurdzy1992,
   AUTHOR = {R.F. Bass and K. Burdzy},
  JOURNAL = {Probab. Theory \& Rel. Fields},
    PAGES = {405--444},
    TITLE = {Lifetimes of conditioned diffusions},
   VOLUME = {91},
     YEAR = {1992}
}

@ARTICLE{BassBurdzy1993,
   AUTHOR = {R.F. Bass and K. Burdzy},
  JOURNAL = {Trans. Amer. Math. Soc.},
    PAGES = {361--378},
    TITLE = {The {M}artin boundary in non-{L}ipschitz domains},
   VOLUME = {337},
     YEAR = {1993}
}

@ARTICLE{BassBurdzy1994a,
   AUTHOR = {R.F. Bass and K. Burdzy},
  JOURNAL = {J. London Math. Soc.},
    PAGES = {157--169},
    TITLE = {The boundary {H}arnack principle for non-divergence form operators},
SORTTITLE = {a},
   VOLUME = {50},
     YEAR = {1994}
}

@ARTICLE{BassBurdzy1994b,
   AUTHOR = {R.F. Bass and K. Burdzy},
  JOURNAL = {Probab. Theory \& rel. Fields},
     NOTE = {to appear},
 PUBSTATE = {forthcoming},
    TITLE = {Conditioned {B}rownian motion in planar domains},
SORTTITLE = {b},
}

@ARTICLE{BassHsu1991,
   AUTHOR = {R.F. Bass and P. Hsu},
  JOURNAL = {Ann. Probab.},
    PAGES = {486--508},
    TITLE = {Some potential theory for reflecting {B}rownian motion in {H}\"older and {L}ipschitz domains},
   VOLUME = {19},
     YEAR = {1991}
}

@ARTICLE{BassKhoshnevisan1992,
   AUTHOR = {R.F. Bass and D. Khoshnevisan},
  JOURNAL = {Probab. Theory \& Rel. Fields},
    PAGES = {465--492},
    TITLE = {Local times on curves and uniform invariance principles},
   VOLUME = {92},
     YEAR = {1992}
}

@ARTICLE{Behrens1970,
   AUTHOR = {M. Behrens},
  JOURNAL = {Bull. Amer. Math. Soc.},
    PAGES = {387--391},
    TITLE = {On the corona problem for a class of infinitely connected domains},
   VOLUME = {76},
     YEAR = {1970}
}

@ARTICLE{Behrens1971,
   AUTHOR = {M. Behrens},
  JOURNAL = {Trans. Amer. Math. Soc.},
    PAGES = {358--380},
    TITLE = {The maximal ideal space of algebras of bounded analytic functions on infinitely connected domains},
   VOLUME = {161},
     YEAR = {1971}
}

@ARTICLE{Bennett1985,
   AUTHOR = {A.G. Bennett},
  JOURNAL = {Trans. Amer. Math. Soc.},
    PAGES = {159--166},
    TITLE = {Probabilistic square functions and a priori estimates},
   VOLUME = {291},
     YEAR = {1985}
}

@ARTICLE{BenvenisteJacod1973,
   AUTHOR = {A. Benveniste and J. Jacod},
  JOURNAL = {Inventiones Math.},
    PAGES = {183--198},
    TITLE = {Syst\`emes de {L}\'evy des process de {M}arkov},
   VOLUME = {21},
     YEAR = {1973}
}

@BOOK{BerghLofstrom1976,
  ADDRESS = {Heidelberg},
   AUTHOR = {J. Bergh and J. L\"ofstr\"om},
PUBLISHER = {Springer},
    TITLE = {Interpolation Spaces},
     YEAR = {1976}
}

@BOOK{Billingsley1968,
  ADDRESS = {New York},
   AUTHOR = {P. Billingsley},
PUBLISHER = {Wiley},
    TITLE = {Convergence of Probability Measures},
     YEAR = {1968}
}

@BOOK{Billingsley1986,
  ADDRESS = {New York},
   AUTHOR = {P. Billingsley},
  EDITION = {2},
PUBLISHER = {Wiley},
    TITLE = {Probability and Measure},
     YEAR = {1986}
}

@INCOLLECTION{Bishop1992,
  ADDRESS = {New York},
   AUTHOR = {C.J. Bishop},
BOOKTITLE = {Partial Differential Equations with Minimal Smoothness and Applications},
    PAGES = {89--97},
PUBLISHER = {Springer},
    TITLE = {Some questions concerning harmonic measure},
     YEAR = {1992}
}

@BOOK{BlumenthalGetoor1968,
  ADDRESS = {New York},
   AUTHOR = {R.M. Blumenthal and R.K. Getoor},
PUBLISHER = {Academic Press},
    TITLE = {Markov Processes and Potential Theory},
     YEAR = {1968}
}

@ARTICLE{Bourgain1983,
   AUTHOR = {J. Bourgain},
  JOURNAL = {Ark. Mat.},
    PAGES = {163--168},
    TITLE = {Some remarks on {B}anach spaces in which martingale difference sequences are unconditional},
   VOLUME = {21},
     YEAR = {1983}
}

@ARTICLE{Bourgain1987,
   AUTHOR = {J. Bourgain},
  JOURNAL = {Invent. Math.},
    PAGES = {477--483},
    TITLE = {On the {H}ausdorff dimension of harmonic measure in higher dimensions},
   VOLUME = {87},
     YEAR = {1987}
}

@ARTICLE{BourgainWolff1990,
   AUTHOR = {J. Bourgain and T.H. Wolff},
  JOURNAL = {Colloq. Math.},
    PAGES = {253--260},
    TITLE = {A remark on gradients of harmonic functions in dimensions $\geq 3$},
   VOLUME = {60/61},
     YEAR = {1990}
}

@BOOK{Breiman1968,
  ADDRESS = {Reading, MA},
   AUTHOR = {L. Breiman},
PUBLISHER = {Addison-Wesley},
    TITLE = {Probability},
     YEAR = {1968}
}

@BOOK{Brelot1969,
  ADDRESS = {Paris},
   AUTHOR = {M. Brelot},
  EDITION = {4},
PUBLISHER = {Centre du Documentation Universitaire Paris},
    TITLE = {El\'ements de la Th\'eorie Classique du Potentiel},
     YEAR = {1969}
}

@ARTICLE{BrossardChevalier1988,
   AUTHOR = {J. Brossard and L. Chevalier},
  JOURNAL = {Ann. Math.},
    PAGES = {603--618},
    TITLE = {Classe {$L$} {Log} {$L$} et densit\'e de l'int\'egrale d'aire dans {$\mathbb{R}_+^{d+1}$}},
   VOLUME = {128},
     YEAR = {1988}
}

@BOOK{Burdzy1987,
  ADDRESS = {Harlow, Essex},
   AUTHOR = {K. Burdzy},
PUBLISHER = {Longman},
    TITLE = {Multidimensional {B}rownian Excursions and Potential Theory},
     YEAR = {1987}
}

@ARTICLE{Burkholder1973,
   AUTHOR = {D.L. Burkholder},
  JOURNAL = {Ann. Probab.},
    PAGES = {19--42},
    TITLE = {Distribution function inequalities for martingales},
   VOLUME = {1},
     YEAR = {1973}
}

@INCOLLECTION{Burkholder1983,
  ADDRESS = {Belmont, CA},
   AUTHOR = {D.L. Burkholder},
BOOKTITLE = {Conference on Harmonic Analysis in Honor of Antoni Zygmund},
    PAGES = {270--286},
PUBLISHER = {Wadsworth},
    TITLE = {A geometric condition that implies the existence of certain singular integrals of {B}anach-space-valued functions},
   VOLUME = {1},
     YEAR = {1983}
}

@ARTICLE{BurkholderGundy1972,
   AUTHOR = {D.L. Burkholder and R.F. Gundy},
  JOURNAL = {Studia Math.},
    PAGES = {527--544},
    TITLE = {Distribution function inequalities for the area integral},
   VOLUME = {44},
     YEAR = {1972}
}

@ARTICLE{BurkholderGundy1973,
   AUTHOR = {D.L. Burkholder and R.F. Gundy},
  JOURNAL = {Ann. Inst. Fourier, Grenoble},
    PAGES = {195--212},
    TITLE = {Boundary behaviour of harmonic functions in a half-space and {B}rownian motion},
   VOLUME = {23},
     YEAR = {1973}
}

@ARTICLE{BurkholderGundySilverstein1971,
   AUTHOR = {D.L. Burkholder and R.F. Gundy and M.L. Silverstein},
  JOURNAL = {Trans. Amer. Math. Soc.},
    PAGES = {137--153},
    TITLE = {A maximal function characterization of {$H^p$}},
   VOLUME = {157},
     YEAR = {1971}
}

@ARTICLE{CaffarelliFabesMortolaSalsa1981,
   AUTHOR = {L. Caffarelli and E. Fabes and S. Mortola and S. Salsa},
  JOURNAL = {Indiana Math. J.},
    PAGES = {621--640},
    TITLE = {Boundary behavior for nonnegative solutions of elliptic operators in divergence form},
   VOLUME = {30},
     YEAR = {1981}
}

@ARTICLE{Carleson1962,
   AUTHOR = {L. Carleson},
  JOURNAL = {Ann. Math.},
    PAGES = {547--559},
    TITLE = {Interpolation by bounded analytic functions and the corona problem},
   VOLUME = {76},
     YEAR = {1962}
}

@ARTICLE{Carleson1966,
   AUTHOR = {L. Carleson},
  JOURNAL = {Acta Math.},
    PAGES = {135--157},
    TITLE = {On convergence and growth of partial sums of {F}ourier series},
   VOLUME = {116},
     YEAR = {1966}
}

@ARTICLE{Carroll1988,
   AUTHOR = {T.F. Carroll},
  JOURNAL = {J. London Math. Soc.},
    PAGES = {423--441},
    TITLE = {A classical proof of {B}urdzy's theorem on the angular derivative},
   VOLUME = {38},
     YEAR = {1988}
}

@ARTICLE{Cartan1945,
   AUTHOR = {H. Cartan},
  JOURNAL = {Bull. Soc. Math. France},
    PAGES = {74--106},
    TITLE = {Th\'eorie du potentiel {N}ewtonien: \'Energie, capacit\'e, suites de potentiels},
   VOLUME = {73},
     YEAR = {1945}
}

@BOOK{Chung1974,
  ADDRESS = {New York},
   AUTHOR = {K.L. Chung},
  EDITION = {2},
PUBLISHER = {Academic Press},
    TITLE = {A Course in Probability Theory},
     YEAR = {1974}
}

@ARTICLE{ChungWalsh1969,
   AUTHOR = {K.L. Chung and J.B. Walsh},
  JOURNAL = {Acta Math.},
    PAGES = {225--251},
    TITLE = {To reverse a {M}arkov process},
   VOLUME = {123},
     YEAR = {1969}
}

@ARTICLE{Coifman1974,
   AUTHOR = {R.R. Coifman},
  JOURNAL = {Studia Math.},
    PAGES = {269--274},
    TITLE = {A real-variable characterization of {$H^p$}},
   VOLUME = {51},
     YEAR = {1974}
}

@ARTICLE{CoifmanFefferman1974,
   AUTHOR = {R.R. Coifman and C. Fefferman},
  JOURNAL = {Studia Math.},
    PAGES = {241--250},
    TITLE = {Weighted norm inequalities for maximal functions and singular integrals},
   VOLUME = {51},
     YEAR = {1974}
}

@ARTICLE{CoifmanJonesSemmes1989,
   AUTHOR = {R.R. Coifman and P.W. Jones and S. Semmes},
  JOURNAL = {J. Amer. Math. Soc.},
    PAGES = {553--564},
    TITLE = {Two elementary proofs of the {$L^2$} boundedness of {C}auchy integrals on {L}ipschitz curves},
   VOLUME = {2},
     YEAR = {1989}
}

@ARTICLE{Cranston1985,
   AUTHOR = {M. Cranston},
  JOURNAL = {Zeit. f. Wahrsch.},
    PAGES = {335--340},
    TITLE = {Lifetime of conditioned {B}rownian motion in {L}ipschitz domains},
   VOLUME = {70},
     YEAR = {1985}
}

@INCOLLECTION{Cranston1989,
  ADDRESS = {Boston},
   AUTHOR = {M. Cranston},
BOOKTITLE = {Seminar on Stochastic Processes, 1988},
    PAGES = {109--119},
PUBLISHER = {Birkh\"auser},
    TITLE = {Conditional {B}rownian motion, {W}hitney squares, and the conditional gauge theorem},
     YEAR = {1989}
}

@ARTICLE{Cranston1992,
   AUTHOR = {M. Cranston},
  JOURNAL = {Canadian J. Math.},
    PAGES = {46--55},
    TITLE = {A probabilistic approach to gradient estimates},
   VOLUME = {35},
     YEAR = {1992}
}

@ARTICLE{CranstonFabesZhao1988,
   AUTHOR = {M. Cranston and E. Fabes and Z. Zhao},
  JOURNAL = {Trans. Amer. Math. Soc.},
    PAGES = {171--194},
    TITLE = {Conditional gauge and potential theory for the {S}chr\"odinger operator},
   VOLUME = {307},
     YEAR = {1988}
}

@ARTICLE{CranstonMcConnell1983,
   AUTHOR = {M. Cranston and T.R. McConnell},
  JOURNAL = {Zeit. f. Wahrsch.},
    PAGES = {1--11},
    TITLE = {The lifetime of conditioned {B}rownian motion},
   VOLUME = {65},
     YEAR = {1983}
}

@ARTICLE{CranstonSalisbury1993,
   AUTHOR = {M. Cranston and T.S. Salisbury},
  JOURNAL = {Ark. Mat.},
    PAGES = {27--49},
    TITLE = {Martin boundaries of sectorial domains},
   VOLUME = {31},
     YEAR = {1993}
}

@ARTICLE{Dahlberg1977,
   AUTHOR = {B. Dahlberg},
  JOURNAL = {Arch. Rat. Mech. Anal.},
    PAGES = {275--288},
    TITLE = {Estimates of harmonic measure},
   VOLUME = {65},
     YEAR = {1977}
}

@ARTICLE{DavidJourne1984,
   AUTHOR = {G. David and J.-L. Journ\'e},
  JOURNAL = {Ann. Math.},
    PAGES = {371--397},
    TITLE = {A boundedness criterion for generalized {C}alder\'on-{Z}ygmund operators},
   VOLUME = {120},
     YEAR = {1984}
}

@ARTICLE{DaviesSimon1984,
   AUTHOR = {E.B. Davies and B. Simon},
  JOURNAL = {J. Functional Anal.},
    PAGES = {335--395},
    TITLE = {Ultracontractivity and the heat kernel for {S}chr\"odinger operators and {D}irichlet {L}aplacians},
   VOLUME = {59},
     YEAR = {1984}
}

@ARTICLE{Davis1973,
   AUTHOR = {B. Davis},
  JOURNAL = {Proc. Amer. Math. Soc.},
    PAGES = {189--194},
    TITLE = {An inequality for the distribution of the {B}rownian gradient function},
   VOLUME = {37},
     YEAR = {1973}
}

@ARTICLE{Davis1975,
   AUTHOR = {B. Davis},
  JOURNAL = {Trans. Amer. Math. Soc.},
    PAGES = {353--362},
    TITLE = {Picard's theorem and {B}rownian motion},
   VOLUME = {213},
     YEAR = {1975}
}

@ARTICLE{Davis1979,
   AUTHOR = {B. Davis},
  JOURNAL = {Ann. Probab.},
    PAGES = {913--932},
    TITLE = {Brownian motion and analytic functions},
   VOLUME = {7},
     YEAR = {1979}
}

@ARTICLE{Davis1991,
   AUTHOR = {B. Davis},
  JOURNAL = {J. Functional Anal.},
    PAGES = {163--180},
    TITLE = {Intrinsic ultracontractivity and the {D}irichlet {L}aplacian},
   VOLUME = {100},
     YEAR = {1991}
}

@ARTICLE{deBranges1985,
   AUTHOR = {L. de{B}ranges},
  JOURNAL = {Acta Math.},
    PAGES = {137--152},
    TITLE = {A proof of the {B}ieberbach conjecture},
   VOLUME = {154},
     YEAR = {1985}
}

@BOOK{deGuzman1975,
  ADDRESS = {New York},
   AUTHOR = {M. de{G}uzm\'an},
PUBLISHER = {Springer},
    TITLE = {Differentiation of Integrals in {$\mathbb{R}^n$}},
     YEAR = {1975}
}

@BOOK{DellacherieMeyer1975,
  ADDRESS = {Paris},
   AUTHOR = {C. Dellacherie and P.-A. Meyer},
PUBLISHER = {Hermann},
    TITLE = {Probabilit\'es et Potentiel},
   VOLUME = {1},
     YEAR = {1975}
}

@BOOK{DellacherieMeyer1980,
  ADDRESS = {Paris},
   AUTHOR = {C. Dellacherie and P.-A. Meyer},
PUBLISHER = {Hermann},
    TITLE = {Probabilit\'es et Potentiel: Th\'eorie des Martingales},
     YEAR = {1980}
}

@BOOK{DellacherieMeyer1983,
  ADDRESS = {Paris},
   AUTHOR = {C. Dellacherie and P.-A. Meyer},
PUBLISHER = {Hermann},
    TITLE = {Probabilit\'es et Potentiel: Th\'eorie Discr\`ete du Potentiel},
     YEAR = {1983}
}

@INCOLLECTION{DoleansDadeMeyer1979,
  ADDRESS = {New York},
   AUTHOR = {C. Dol\'eans-Dade and P.-A. Meyer},
BOOKTITLE = {S\'eminaire de Probabilit\'es XIII},
    PAGES = {313--331},
PUBLISHER = {Springer},
    TITLE = {In\'egalit\'es de normes avec poids},
     YEAR = {1979}
}

@ARTICLE{Doob1957,
   AUTHOR = {J.L. Doob},
  JOURNAL = {Bull. Math. Soc. France},
    PAGES = {431--458},
    TITLE = {Conditioned {B}rownian motion and the boundary limits of harmonic functions},
   VOLUME = {85},
     YEAR = {1957}
}

@BOOK{Doob1984,
  ADDRESS = {New York},
   AUTHOR = {J.L. Doob},
PUBLISHER = {Springer},
    TITLE = {Classical Potential Theory and Its Probabilistic Counterpart},
     YEAR = {1984}
}

@BOOK{Dudley1989,
  ADDRESS = {Pacific Grove, CA},
   AUTHOR = {R.M. Dudley},
PUBLISHER = {Brooks/Cole},
    TITLE = {Real Analysis and Probability},
     YEAR = {1989}
}

@BOOK{Duren1970,
  ADDRESS = {New York},
   AUTHOR = {P.L. Duren},
PUBLISHER = {Academic Press},
    TITLE = {Theory of {$H^p$} spaces},
     YEAR = {1970}
}

@BOOK{Durrett1984,
  ADDRESS = {Belmont, CA},
   AUTHOR = {R. Durrett},
PUBLISHER = {Wadsworth},
    TITLE = {Brownian Motion and Martingales in Analysis},
     YEAR = {1984}
}

@BOOK{Durrett1991,
  ADDRESS = {Belmont, CA},
   AUTHOR = {R. Durrett},
PUBLISHER = {Wadsworth},
    TITLE = {Probability: Theory and Examples},
     YEAR = {1991}
}

@BOOK{Erdelyi1954,
  ADDRESS = {New York},
   AUTHOR = {A. Erd\'elyi},
PUBLISHER = {McGraw-Hill},
    TITLE = {Bateman Manuscript Project: Tables of Integral Transforms},
   VOLUME = {1},
     YEAR = {1954}
}

@ARTICLE{FabesJodeitRiviere1978,
   AUTHOR = {E. Fabes and M. Jodeit and N. Rivi\`ere},
  JOURNAL = {Acta Math.},
    PAGES = {165--186},
    TITLE = {Potential techniques for boundary-value problems on {$C^1$} domains},
   VOLUME = {141},
     YEAR = {1978}
}

@ARTICLE{Fefferman1971,
   AUTHOR = {C. Fefferman},
  JOURNAL = {Ann. Math},
    PAGES = {330--336},
    TITLE = {The multiplier problem for the ball},
   VOLUME = {94},
     YEAR = {1971}
}

@ARTICLE{FeffermanStein1972,
   AUTHOR = {C. Fefferman and E.M. Stein},
  JOURNAL = {Acta Math.},
    PAGES = {137--193},
    TITLE = {{$H^p$} spaces of several variables},
   VOLUME = {129},
     YEAR = {1972}
}

@BOOK{Feller1968,
  ADDRESS = {New York},
   AUTHOR = {W. Feller},
  EDITION = {3},
PUBLISHER = {Wiley},
    TITLE = {An Introduction to Probability Theory and Its Applications},
   VOLUME = {1},
     YEAR = {1968}
}

@BOOK{Feller1971,
  ADDRESS = {New York},
   AUTHOR = {W. Feller},
  EDITION = {2},
PUBLISHER = {Wiley},
    TITLE = {An Introduction to Probability Theory and Its Applications},
   VOLUME = {2},
     YEAR = {1971}
}

@BOOK{Folland1984,
  ADDRESS = {New York},
   AUTHOR = {G.B. Folland},
PUBLISHER = {Wiley},
    TITLE = {Real Analysis: Modern Techniques and Their Applications},
     YEAR = {1984}
}

@BOOK{Folland1992,
  ADDRESS = {Pacific Grove, CA},
   AUTHOR = {G.B. Folland},
PUBLISHER = {Brooks/Cole},
    TITLE = {Fourier Analysis and Its Applications},
     YEAR = {1992}
}

@BOOK{FollandStein1982,
  ADDRESS = {Princeton},
   AUTHOR = {G.B. Folland and E.M. Stein},
PUBLISHER = {Princeton Univ. Press},
    TITLE = {Hardy Spaces on Homogeneous Groups},
     YEAR = {1982}
}

@BOOK{Fukushima1980,
  ADDRESS = {Amsterdam},
   AUTHOR = {M. Fukushima},
PUBLISHER = {North Holland/Kodansha},
    TITLE = {Dirichlet Forms and {M}arkov Processes},
     YEAR = {1980}
}

@BOOK{Gamelin1978,
  ADDRESS = {Cambridge},
   AUTHOR = {T.W. Gamelin},
PUBLISHER = {Cambridge Univ. Press},
    TITLE = {Uniform Algebras and {J}ensen Measures},
     YEAR = {1978}
}

@ARTICLE{Gao1993a,
   AUTHOR = {P. Gao},
  JOURNAL = {Comm. in PDE},
    PAGES = {2001--2022},
    TITLE = {The boundary {H}arnack principle for some degenerate elliptic operators},
SORTTITLE = {a},
   VOLUME = {18},
     YEAR = {1993}
}

@UNPUBLISHED{Gao1993b,
   AUTHOR = {P. Gao},
     NOTE = {Preprint},
    TITLE = {The lifetime of conditioned diffusions associated with some degenerate elliptic operators},
SORTTITLE = {b},
     YEAR = {1993}
}

@ARTICLE{Gardiner1991,
   AUTHOR = {S.J. Gardiner},
  JOURNAL = {Bull. London Math. Soc.},
    PAGES = {575--579},
    TITLE = {A short proof of {B}urdzy's theorem on the angular derivative},
   VOLUME = {23},
     YEAR = {1991}
}

@BOOK{Garnett1981,
  ADDRESS = {New York},
   AUTHOR = {J.B. Garnett},
PUBLISHER = {Academic Press},
    TITLE = {Bounded Analytic Functions},
     YEAR = {1981}
}

@ARTICLE{GarnettJones1985,
   AUTHOR = {J.B. Garnett and P.W. Jones},
  JOURNAL = {Acta Math.},
    PAGES = {37--40},
    TITLE = {The corona theorem for {D}enjoy domains},
   VOLUME = {155},
     YEAR = {1985}
}

@BOOK{Garsia1973,
  ADDRESS = {Reading, MA},
   AUTHOR = {A.M. Garsia},
PUBLISHER = {Benjamin},
    TITLE = {Martingale Inequalities},
     YEAR = {1973}
}

@BOOK{GilbargTrudinger1983,
  ADDRESS = {New York},
   AUTHOR = {D. Gilbarg and N.S. Trudinger},
  EDITION = {2},
PUBLISHER = {Springer},
    TITLE = {Elliptic Partial Differential Equations of Second Order},
     YEAR = {1983}
}

@BOOK{Gundy1989,
  ADDRESS = {Providence},
   AUTHOR = {R.F. Gundy},
PUBLISHER = {Amer. Math. Soc.},
    TITLE = {Some Topics in Probability and Analysis},
     YEAR = {1989}
}

@INCOLLECTION{GundySilverstein1982,
  ADDRESS = {New York},
   AUTHOR = {R.F. Gundy and M.L. Silverstein},
BOOKTITLE = {Functional Analysis in {M}arkov Processes},
    PAGES = {199--203},
PUBLISHER = {Springer},
    TITLE = {On a probabilistic interpretation of the {R}iesz transforms},
     YEAR = {1982}
}

@ARTICLE{GundySilverstein1985,
   AUTHOR = {R.F. Gundy and M.L. Silverstein},
  JOURNAL = {Ann. Inst. Fourier, Grenoble},
    PAGES = {215--229},
    TITLE = {The density of the area integral in {$\mathbb{R}_+^{n+1}$}},
   VOLUME = {35},
     YEAR = {1985}
}

@ARTICLE{GundyVaropoulos1979,
   AUTHOR = {R.F. Gundy and N.Th. Varopoulos},
  JOURNAL = {C.R. Acad. Sci. Paris A},
    PAGES = {13--16},
    TITLE = {Les transformations de {R}iesz et les int\'egrales stochastiques},
   VOLUME = {289},
     YEAR = {1979}
}

@BOOK{Helms1969,
  ADDRESS = {New York},
   AUTHOR = {L.L. Helms},
PUBLISHER = {Wiley},
    TITLE = {Introduction to Potential Theory},
     YEAR = {1969}
}

@ARTICLE{Herz1974,
   AUTHOR = {C. Herz},
  JOURNAL = {Zeit. f. Wahrsch.},
    PAGES = {189--205},
    TITLE = {{$H_p$} spaces of martingales, {$0 < p \leq 1$}},
   VOLUME = {28},
     YEAR = {1974}
}

@INCOLLECTION{Hunt1968,
  ADDRESS = {Carbondale},
   AUTHOR = {R.A. Hunt},
BOOKTITLE = {Orthogonal Expansions and Their Continuous Analogues},
    PAGES = {235--255},
PUBLISHER = {Southern Illinois Univ. Press},
    TITLE = {On the convergence of {F}ourier series},
     YEAR = {1968}
}

@ARTICLE{HuntWheeden1968,
   AUTHOR = {R.A. Hunt and R.L. Wheeden},
  JOURNAL = {Trans. Amer. Math. Soc.},
    PAGES = {307--322},
    TITLE = {On the boundary values of harmonic functions},
   VOLUME = {132},
     YEAR = {1968}
}

@ARTICLE{HuntWheeden1970,
   AUTHOR = {R.A. Hunt and R.L. Wheeden},
  JOURNAL = {Trans. Amer. Math. Soc.},
    PAGES = {507--527},
    TITLE = {Positive harmonic functions on {L}ipschitz domains},
   VOLUME = {132},
     YEAR = {1970}
}

@BOOK{IkedaWatanabe1981,
  ADDRESS = {Amsterdam},
   AUTHOR = {N. Ikeda and S. Watanabe},
PUBLISHER = {North Holland/Kodansha},
    TITLE = {Stochastic Differential Equations and Diffusion Processes},
     YEAR = {1981}
}

@ARTICLE{JerisonKenig1981,
   AUTHOR = {D.S. Jerison and C.E. Kenig},
  JOURNAL = {Ann. Math.},
    PAGES = {367--382},
    TITLE = {The {D}irichlet problem in non-smooth domains},
   VOLUME = {113},
     YEAR = {1981}
}

@INCOLLECTION{JerisonKenig1982a,
  ADDRESS = {Washington, DC},
   AUTHOR = {D.S. Jerison and C.E. Kenig},
BOOKTITLE = {Studies in Partial Differential Equations},
    PAGES = {1--68},
PUBLISHER = {Math. Assoc. Amer.},
    TITLE = {Boundary value problems on {L}ipschitz domains},
SORTTITLE = {a},
     YEAR = {1982}
}

@ARTICLE{JerisonKenig1982b,
   AUTHOR = {D.S. Jerison and C.E. Kenig},
  JOURNAL = {Adv. in Math.},
    PAGES = {80--147},
    TITLE = {Boundary behavior of harmonic functions in non-tangentially accessible domains},
SORTTITLE = {b},
   VOLUME = {46},
     YEAR = {1982}
}

@ARTICLE{JonesMarshall1985,
   AUTHOR = {P.W. Jones and D.E. Marshall},
  JOURNAL = {Ark. Mat.},
    PAGES = {281--314},
    TITLE = {Critical points of {G}reen's function, harmonic measure, and the corona problem},
   VOLUME = {23},
     YEAR = {1985}
}

@ARTICLE{JonesWolff1988,
   AUTHOR = {P.W. Jones and T.H. Wolff},
  JOURNAL = {Acta Math.},
    PAGES = {131--144},
    TITLE = {Hausdorff dimension of harmonic measures in the plane},
   VOLUME = {161},
     YEAR = {1988}
}

@BOOK{KaratzasShreve1988,
  ADDRESS = {New York},
   AUTHOR = {I. Karatzas and S.E. Shreve},
PUBLISHER = {Springer},
    TITLE = {Brownian Motion and Stochastic Calculus},
     YEAR = {1988}
}

@ARTICLE{Latter1978,
   AUTHOR = {R.H. Latter},
  JOURNAL = {Studia Math.},
    PAGES = {92--101},
    TITLE = {A decomposition of {$H^p(\mathbb{R}^n)$} in terms of atoms},
   VOLUME = {62},
     YEAR = {1978}
}

@ARTICLE{LindvallRogers1986,
   AUTHOR = {T. Lindvall and L.C.G. Rogers},
  JOURNAL = {Ann. Probab.},
    PAGES = {860--872},
    TITLE = {Coupling of multi-dimensional diffusions by reflection},
   VOLUME = {14},
     YEAR = {1986}
}

@BOOK{Loeve1977,
  ADDRESS = {New York},
   AUTHOR = {M. Lo\`eve},
  EDITION = {4},
PUBLISHER = {Springer},
    TITLE = {Probability Theory},
     YEAR = {1977}
}

@ARTICLE{Makarov1985,
   AUTHOR = {N.G. Makarov},
  JOURNAL = {Proc. London Math. Soc.},
    PAGES = {369--384},
    TITLE = {On the distortion of boundary sets under conformal mappings},
   VOLUME = {51},
     YEAR = {1985}
}

@ARTICLE{Marias1987,
   AUTHOR = {M. Marias},
  JOURNAL = {Bull. Sci. Math.},
    PAGES = {313--331},
    TITLE = {Littlewood-{P}aley-{S}tein theory and {B}essel diffusions},
   VOLUME = {111},
     YEAR = {1987}
}

@BOOK{MarsdenTromba1976,
  ADDRESS = {San Francisco},
   AUTHOR = {J.E. Marsden and A.J. Tromba},
PUBLISHER = {W.H. Freeman},
    TITLE = {Vector Calculus},
     YEAR = {1976}
}

@ARTICLE{McConnell1984,
   AUTHOR = {T.R. McConnell},
  JOURNAL = {Trans. Amer. Math. Soc.},
    PAGES = {739--757},
    TITLE = {On {F}ourier multiplier transformations of {B}anach-valued functions},
   VOLUME = {285},
     YEAR = {1984}
}

@ARTICLE{McConnell1990,
   AUTHOR = {T.R. McConnell},
  JOURNAL = {Trans. Amer. Math. Soc.},
    PAGES = {721--733},
    TITLE = {A conformal inequality related to the conditional gauge theorem},
   VOLUME = {318},
     YEAR = {1990}
}

@BOOK{Meyer1966,
  ADDRESS = {Waltham MA},
   AUTHOR = {P.-A. Meyer},
PUBLISHER = {Blaisdell},
    TITLE = {Probability and Potentials},
     YEAR = {1966}
}

@INCOLLECTION{Meyer1976,
  ADDRESS = {New York},
   AUTHOR = {P.-A. Meyer},
BOOKTITLE = {S\'eminaire de Probabilit\'es X},
    PAGES = {125--183},
PUBLISHER = {Springer},
    TITLE = {D\'emonstration probabiliste de certaines in\'egalit\'es de {L}ittlewood-{P}aley},
     YEAR = {1976}
}

@INCOLLECTION{Meyer1981,
  ADDRESS = {New York},
   AUTHOR = {P.-A. Meyer},
BOOKTITLE = {S\'eminaire de Probabilit\'es XV},
    PAGES = {151--166},
PUBLISHER = {Springer},
    TITLE = {Retour sur la th\'eorie de {L}ittlewood-{P}aley},
     YEAR = {1981}
}

@INCOLLECTION{Meyer1982,
  ADDRESS = {New York},
   AUTHOR = {P.-A. Meyer},
BOOKTITLE = {S\'eminaire de Probabilit\'es XVI},
    PAGES = {95--132},
PUBLISHER = {Springer},
    TITLE = {Note sur les processus d'{O}rnstein-{U}hlenbeck en dimension infinie},
     YEAR = {1982}
}

@INCOLLECTION{Meyer1984,
  ADDRESS = {New York},
   AUTHOR = {P.-A. Meyer},
BOOKTITLE = {S\'eminaire de Probabilit\'es XVIII},
    PAGES = {179--193},
PUBLISHER = {Springer},
    TITLE = {Transformations de {R}iesz pour les lois gaussiennes},
     YEAR = {1984}
}

@ARTICLE{Ohtsuka1964,
   AUTHOR = {M. Ohtsuka},
  JOURNAL = {J. Sci. Hiroshima},
    PAGES = {271--299},
    TITLE = {An elementary introduction of {K}uramochi boundary},
   VOLUME = {28},
     YEAR = {1964}
}

@ARTICLE{Oksendal1983,
   AUTHOR = {B. {\O}ksendal},
  JOURNAL = {Ark. Mat.},
    PAGES = {191--203},
    TITLE = {Projection estimates for harmonic measure},
   VOLUME = {21},
     YEAR = {1983}
}

@BOOK{Phelps1966,
  ADDRESS = {Princeton},
   AUTHOR = {R.R. Phelps},
PUBLISHER = {D. Van Nostrand},
    TITLE = {Lectures on {C}hoquet's Theorem},
     YEAR = {1966}
}

@INCOLLECTION{Pisier1988,
  ADDRESS = {New York},
   AUTHOR = {G. Pisier},
BOOKTITLE = {S\'eminaire de Probabilit\'es XXII},
    PAGES = {485--501},
PUBLISHER = {Springer},
    TITLE = {Riesz transforms: A simpler analytic proof of {P.A.} {M}eyer's inequality},
     YEAR = {1988}
}

@BOOK{Pommerenke1975,
  ADDRESS = {G\"ottingen},
   AUTHOR = {Ch. Pommerenke},
PUBLISHER = {Vandenhoeck \& Ruprecht},
    TITLE = {Univalent Functions},
     YEAR = {1975}
}

@BOOK{Pommerenke1992,
  ADDRESS = {New York},
   AUTHOR = {Ch. Pommerenke},
PUBLISHER = {Springer},
    TITLE = {Boundary Behaviour of Conformal Maps},
     YEAR = {1992}
}

@BOOK{PortStone1978,
  ADDRESS = {New York},
   AUTHOR = {S.C. Port and C.J. Stone},
PUBLISHER = {Academic Press},
    TITLE = {Brownian Motion and Classical Potential Theory},
     YEAR = {1978}
}

@BOOK{Protter1990,
  ADDRESS = {New York},
   AUTHOR = {P.E. Protter},
PUBLISHER = {Springer},
    TITLE = {Stochastic Integration and Differential Equations: A New Approach},
     YEAR = {1990}
}

@ARTICLE{Rao1969,
   AUTHOR = {K.M. Rao},
  JOURNAL = {Math. Scand.},
    PAGES = {66--78},
    TITLE = {On the decomposition theorem of {M}eyer},
   VOLUME = {24},
     YEAR = {1969}
}

@BOOK{RevuzYor1991,
  ADDRESS = {New York},
   AUTHOR = {D. Revuz and M. Yor},
PUBLISHER = {Springer},
    TITLE = {Continuous Martingales and {B}rownian Motion},
     YEAR = {1991}
}

@ARTICLE{RodinWarschawski1986,
   AUTHOR = {B. Rodin and S.E. Warschawski},
  JOURNAL = {J. d'Analyse Math.},
    PAGES = {251--260},
    TITLE = {Remarks on a paper of {K}. {B}urdzy},
   VOLUME = {46},
     YEAR = {1986}
}

@ARTICLE{RubioDeFrancia1985,
   AUTHOR = {J.L. {Rubio de Francia}},
  JOURNAL = {Rev. Mat. Iberoamer.},
    PAGES = {1--13},
    TITLE = {A {L}ittlewood-{P}aley inequality for arbitrary intervals},
   VOLUME = {1},
     YEAR = {1985}
}

@BOOK{Rudin1974,
  ADDRESS = {New York},
   AUTHOR = {W. Rudin},
  EDITION = {2},
PUBLISHER = {McGraw-Hill},
    TITLE = {Real and Complex Analysis},
     YEAR = {1974}
}

@BOOK{Rudin1976,
  ADDRESS = {New York},
   AUTHOR = {W. Rudin},
  EDITION = {3},
PUBLISHER = {McGraw-Hill},
    TITLE = {Principles of Mathematical Analysis},
     YEAR = {1976}
}

@ARTICLE{Sastry1993,
   AUTHOR = {S. Sastry},
  JOURNAL = {Proc. Amer. Math. Soc.},
     NOTE = {to appear},
 PUBSTATE = {forthcoming},
    TITLE = {Existence of angular derivatives for a class of strip domains},
}

@BOOK{Sharpe1988,
  ADDRESS = {Boston},
   AUTHOR = {M.J. Sharpe},
PUBLISHER = {Academic Press},
    TITLE = {General Theory of {M}arkov Processes},
     YEAR = {1988}
}

@BOOK{Stein1970a,
  ADDRESS = {Princeton},
   AUTHOR = {E.M. Stein},
PUBLISHER = {Princeton Univ. Press},
    TITLE = {Singular Integrals and Differentiability Properties of Functions},
SORTTITLE = {a},
     YEAR = {1970}
}

@BOOK{Stein1970b,
  ADDRESS = {Princeton},
   AUTHOR = {E.M. Stein},
PUBLISHER = {Princeton Univ. Press},
    TITLE = {Topics in Harmonic Analysis Related to the {L}ittlewood-{P}aley Theory},
SORTTITLE = {b},
     YEAR = {1970}
}

@BOOK{Stein1993,
  ADDRESS = {Princeton},
   AUTHOR = {E.M. Stein},
PUBLISHER = {Princeton Univ. Press},
    TITLE = {Harmonic Analysis: Real-Variable Methods, Orthogonality, and Oscillatory Integrals},
     YEAR = {1993}
}

@BOOK{SteinWeiss1971,
  ADDRESS = {Princeton},
   AUTHOR = {E.M. Stein and G. Weiss},
PUBLISHER = {Princeton Univ. Press},
    TITLE = {Introduction to {F}ourier Analysis on {E}uclidean Spaces},
     YEAR = {1971}
}

@BOOK{StroockVaradhan1979,
  ADDRESS = {New York},
   AUTHOR = {D.W. Stroock and S.R.S. Varadhan},
PUBLISHER = {Springer},
    TITLE = {Multidimensional Diffusion Processes},
     YEAR = {1979}
}

@ARTICLE{Varopoulos1980a,
   AUTHOR = {N.Th. Varopoulos},
  JOURNAL = {J. Functional Anal.},
    PAGES = {25--60},
    TITLE = {Aspects of probabilistic {L}ittlewood-{P}aley theory},
SORTTITLE = {a},
   VOLUME = {38},
     YEAR = {1980}
}

@ARTICLE{Varopoulos1980b,
   AUTHOR = {N.Th. Varopoulos},
  JOURNAL = {J. Functional Anal.},
    PAGES = {85--121},
    TITLE = {The {H}elson-{S}zeg\"o theorem and {$A_p$} functions for {B}rownian motion and several variables},
SORTTITLE = {b},
   VOLUME = {39},
     YEAR = {1980}
}

@ARTICLE{Verchota1984,
   AUTHOR = {G.C. Verchota},
  JOURNAL = {J. Functional Anal.},
    PAGES = {572--611},
    TITLE = {Layer potentials and regularity for the {D}irichlet problem for {L}aplace's equation in {L}ipschitz domains},
   VOLUME = {59},
     YEAR = {1984}
}

@BOOK{Werner1981,
  ADDRESS = {New York},
   AUTHOR = {J. Werner},
  EDITION = {2},
PUBLISHER = {Springer},
    TITLE = {Potential Theory},
     YEAR = {1981}
}

@BOOK{Williams1979,
  ADDRESS = {New York},
   AUTHOR = {D. Williams},
PUBLISHER = {Wiley},
    TITLE = {Diffusions, {M}arkov Processes and Martingales, {Vol. 1}: Foundations},
     YEAR = {1979}
}

@UNPUBLISHED{Wolff1987,
   AUTHOR = {T.H. Wolff},
     NOTE = {Preprint},
    TITLE = {Counterexamples with harmonic gradients in {$\mathbb{R}^3$}},
     YEAR = {1987}
}

@ARTICLE{Wolff1993,
   AUTHOR = {T.H. Wolff},
  JOURNAL = {Ark. Mat.},
    PAGES = {137--172},
    TITLE = {Plane harmonic measure lives on sets of {$\sigma$}-finite length},
   VOLUME = {31},
     YEAR = {1993}
}

@ARTICLE{Wu1978,
   AUTHOR = {J.-M. G. Wu},
  JOURNAL = {Ann. Inst. Fourier, Grenoble},
    PAGES = {147--167},
    TITLE = {Comparison of kernel functions, boundary {H}arnack principle, and relative {F}atou theorem on {L}ipschitz domains},
   VOLUME = {28},
     YEAR = {1978}
}

@ARTICLE{Xu1991,
   AUTHOR = {J. Xu},
  JOURNAL = {Probab. Theory \& Rel. Fields},
    PAGES = {469--487},
    TITLE = {The lifetime of conditioned {B}rownian motion in planar domains of infinite area},
   VOLUME = {87},
     YEAR = {1991}
}

@BOOK{Yosida1960,
  ADDRESS = {New York},
   AUTHOR = {K. Yosida},
PUBLISHER = {Interscience},
    TITLE = {Lectures on Differential and Integral Equations},
     YEAR = {1960}
}

@INCOLLECTION{Zhao1988,
  ADDRESS = {Boston},
   AUTHOR = {Z. Zhao},
BOOKTITLE = {Seminar on Stochastic Processes, 1987},
    PAGES = {283--294},
PUBLISHER = {Birkh\"auser},
    TITLE = {Green functions and conditioned gauge theorem for a two dimensional domain},
     YEAR = {1988}
}